@book{keira,
  author = {Abraham, M. and Mitchelmore, S. and Collins, S. and Maness  J. and Kistulinec, M. and Khodabandeh, S. and  Visser, J. },
  year = {2017},
  title = {Profiting from personalization},
  publisher = {Boston Consulting Group.}
}

@misc{Rijks,
  author = {Rijksmuseum},
  title = {{Rijksmuseum Object Metadata Database}},
  howpublished = "\url{https://data.rijksmuseum.nl/object-metadata/}",

}


@misc{GeoSparql,
  author = {GeoSparql},
  title = {{GeoSparql Ontology}},
  howpublished = "\url{http://www.opengis.net/ont/geosparql#}",

}


@misc{Foaf,
  author = {Foaf},
  title = {{Foaf Ontology}},
  howpublished = "\url{http://xmlns.com/foaf/0.1/}",

}


@misc{Artwork,

  title = {{Dbpedia Ontology on Artworks}},
  howpublished = "\url{https://dbpedia.org/data3/Artwork.ttl}",

}


@misc{Moma,

  title = {{Museum of Modern Art Collection Database via Kaggle}},
  howpublished = "\url{https://www.kaggle.com/datasets/momanyc/museum-collection}",

}


@misc{Dbpedia,
  author = {DBPedia},
  title = {{SPARQL Endpoint}},
  howpublished = "\url{https://dbpedia.org/sparql}",

}

@misc{Rijks_Github,
  author = {Rijks},
  title = {{Rijks Github}},
  howpublished = "\url{https://github.com/Rijksmuseum/rijksmuseum.github.io/releases/download/1.0.0/202001-
rma-csv-collection.zip}",

}

@misc{Third_Github,


  howpublished = "\url{https://github.com/Rijksmuseum/rijksmuseum.github.io/releases/download/1.0.0/202001-
rma-csv-collection.zip}",

}

@misc{First_Github,


  howpublished = "\url{https://github.com/pawelpiwowarski/Knowledge_and_Data/blob/main/get_csv_file_artists_rijks.py}",

}






https://github.com/pawelpiwowarski/Knowledge_and_Data/blob/main/Collections/Rijks_Collection/Final_Artist_Data_Rijks.csv


@misc{Second_Github,


  howpublished = "\url{https://github.com/pawelpiwowarski/Knowledge_and_Data/blob/main/Collections/Rijks_Collection/Final_Artist_Data_Rijks.csv
}",

}


@misc{Fourth_Github,


  howpublished = "\url{https://github.com/pawelpiwowarski/Knowledge_and_Data/blob/main/get_csv_file_artworks_rijks.py}",

}




@misc{Fith_Github,


  howpublished = "\url{https://github.com/pawelpiwowarski/Knowledge_and_Data/blob/main/moma_artists_ontology_creation.py}",

}


@misc{Sixth_Github,


  howpublished = "\url{https://github.com/pawelpiwowarski/Knowledge_and_Data/blob/main/moma_artwork_ontology_creation.py}",

}

@misc{Rijks_Api,


  howpublished = "\url{https://data.rijksmuseum.nl/object-metadata/api/}",

}



@misc{lolGith,


  howpublished = "\url{https://github.com/pawelpiwowarski/Knowledge_and_Data/blob/main/rijks_artists_ontology_creation.py}",

}


@misc{lolGith2,


  howpublished = "\url{https://github.com/pawelpiwowarski/Knowledge_and_Data/blob/main/rijks_artworks_ontology_creation.py}",

}